@article{LoggWells2010,
  author = {A. Logg and G. N. Wells},
  title = {{DOLFIN}: {A}utomated Finite Element Computing},
  journal = {ACM Transactions on Mathematical Software},
  year = {2010},
  volume = {32},
  pages = {1--28},
  number = {2},
  url = {http://dx.doi.org/10.1145/1731022.1731030}
}

@book{Newton1687,
  author = {I. Newton},
  title = {Philosophiae Naturalis Principia Mathematica},
  year = {1687},
  volume = {I--III},
}
